@article{DBLP:journals/corr/ImBT14,
  author    = {Daniel Jiwoong Im and
               Ethan Buchman and
               Graham W. Taylor},
  title     = {Understanding Minimum Probability Flow for RBMs Under Various Kinds
               of Dynamics},
  journal   = {CoRR},
  volume    = {abs/1412.6617},
  year      = {2014},
  url       = {http://arxiv.org/abs/1412.6617},
  timestamp = {Thu, 01 Jan 2015 19:51:08 +0100},
  biburl    = {http://dblp.uni-trier.de/rec/bib/journals/corr/ImBT14},
  bibsource = {dblp computer science bibliography, http://dblp.org}
}
